@misc{JeeTool,
  author = {NÄ›mec, L.},
  title = {JeeTool},
  year = {2016},
  publisher = {GitHub},
  journal = {GitHub repository},
  howpublished = {\url{https://github.com/crocs-muni/JeeTool}}
}

@misc{ArduinoMK,
  author = {},
  title = {Arduino-Makefile},
  year = {2016},
  publisher = {GitHub},
  journal = {GitHub repository},
  howpublished = {\url{https://github.com/weareleka/Arduino-Makefile}}
}

@misc{motetool,
  author = {Klinec, D.},
  title = {WSNmotelist},
  year = {2014},
  publisher = {GitHub},
  journal = {GitHub repository},
  howpublished = {\url{https://github.com/ph4r05/WSNmotelist}}
}

@misc{rxtx,
  author = {},
  title = {RXTX library},
  year = {2011},
  howpublished = {\url{http://rxtx.qbang.org}}
}

@misc{jserial,
  author = {Hedgecock, W.},
  title = {jSerialComm library},
  year = {2016},
  publisher = {GitHub},
  journal = {GitHub repository},
  howpublished = {\url{http://fazecast.github.io/jSerialComm/}}
}

@misc{Arduino,
  title = {Arduino},
  year = {2016},
  howpublished = {\url{https://www.arduino.cc/}}
}

@misc{ArduinoIntro,
  title = {Arduino Introduction},
  year = {2016},
  howpublished = {\url{https://www.arduino.cc/en/guide/introduction}}
}

@misc{ArduinoMini,
  title = {Arduino Mini},
  year = {2016},
  howpublished = {\url{https://www.arduino.cc/en/Main/ArduinoBoardMini}}
}

@misc{JeeLink,
  title = {JeeLink product page},
  author = {JeeLabs},
  year = {2016},
  howpublished = {\url{http://jeelabs.net/projects/hardware/wiki/JeeLink}}
}

@misc{JeeNode,
  title = {JeeNode product page},
  author = {JeeLabs},
  year = {2016},
  howpublished = {\url{http://jeelabs.net/projects/hardware/wiki/JeeNode_USB}}
}

@misc{JeeLib,
  title = {JeeLib library},
  author = {JeeLabs},
  year = {2016},
  howpublished = {\url{http://jeelabs.net/projects/jeelib/wiki}}
}


@misc{RF12B,
  title = {RF12B Datasheet},
  author = {HOPE RF},
  year = {2016},
  howpublished = {\url{https://www.sparkfun.com/datasheets/Wireless/General/RF12B-IC.pdf}}
}


@incollection{Matyas2015,
annote = {doi:10.1201/b19311-6},
author = {Maty{\'{a}}{\v{s}}, Vashek and {\v{S}}venda, Petr and Stetsko, Andriy and Klinec, Du{\v{s}}an and Jurne{\v{c}}ka, Filip and Stehl{\'{i}}k, Martin},
booktitle = {Securing Cyber-Physical Systems},
doi = {doi:10.1201/b19311-6},
isbn = {978-1-4987-0098-6},
month = {sep},
pages = {119--162},
publisher = {CRC Press},
title = {{WSNProtectLayer: Security Middleware for Wireless Sensor Networks}},
url = {http://dx.doi.org/10.1201/b19311-6},
year = {2015}
}
